@unpublished{Kals2006,
address = {Vienna},
author = {Kals, Stefan and Kirda, Engin and Kruegel, Christopher and Jovanovic, Nenad},
booktitle = {Most},
file = {:Users/adam/Documents/Uni/Year 3/Dissertation/Useful Journals/Context/SecuBat - A Web Vulnerability Scanner.pdf:pdf},
institution = {Technical University of Vienna},
keywords = {automated vul-,copyright is held by,crawling,cross-site scripting,nerability detection,scanner,security,sql injection,the international world wide,web conference com-,xss},
pages = {247--256},
title = {{SecuBat: A Web Vulnerability Scanner}},
year = {2006}
}
@article{Holz2006,
author = {Holz, T. and Marechal, S. and Raynal, F.},
doi = {10.1109/MSP.2006.46},
file = {:Users/adam/Documents/Uni/Year 3/Dissertation/Useful Journals/Core/New Threats and Attacks on the World Wide Web.pdf:pdf},
issn = {1540-7993},
journal = {IEEE Security \& Privacy Magazine},
month = {March},
number = {2},
pages = {72--75},
title = {{New threats and attacks on the World Wide Web}},
url = {http://ieeexplore.ieee.org/lpdocs/epic03/wrapper.htm?arnumber=1621065},
volume = {4},
year = {2006}
}
@unpublished{Huang2004,
author = {Huang, Yao-wen and Yu, Fang and Hang, Christian and Tsai, Chung-hung and Lee, D.T. and Kuo, Sy-yen},
booktitle = {Security},
file = {:Users/adam/Documents/Uni/Year 3/Dissertation/Unchecked Journals/Securing Web Application Code by Static Analysis and Runtime Protection.pdf:pdf},
title = {{Securing Web Application Code by Static Analysis and Runtime Protection}},
year = {2004}
}
@misc{Jovanovic2006,
author = {Jovanovic, Nenad and Kruegel, Christopher and Kirda, Engin},
booktitle = {In 2006 IEEE Symposium on Security and Privacy, Oakland, CA, May},
file = {:Users/adam/Documents/Uni/Year 3/Dissertation/Useful Journals/Pixy - A Static Analysis Tool for Detecting Web Application Vulunerabilities.pdf:pdf},
institution = {Technical University of Vienna},
pages = {6},
title = {{Pixy: A Static Analysis Tool for Detecting Web Application Vulnerabilities}},
type = {Short Paper},
year = {2006}
}
@unpublished{Kirda2006,
author = {Kirda, Engin and Kruegel, Christopher and Vigna, Giovanni and Jovanovic, Nenad},
file = {:Users/adam/Documents/Uni/Year 3/Dissertation/Unchecked Journals/Noxes - A Client-side Solution for Mitigating Cross Site Scripting Attacks.pdf:pdf},
pages = {330--337},
title = {{Noxes: A Client-Side Solution for Mitigating Cross-Site Scripting Attacks}},
year = {2006}
}
@unpublished{Liu2009,
author = {Liu, Anyi and Yuan, Yi and Wijesekera, Duminda and Stavrou, Angelos},
booktitle = {System},
file = {:Users/adam/Documents/Uni/Year 3/Dissertation/Unchecked Journals/SQLProb - A Proxy-based Architecture Towards Preventing SQL Injection Attacks.pdf:pdf},
institution = {George Mason University},
keywords = {information security,intrusion detection,intrusion pre-,sql injection attack,vention},
pages = {2054--2061},
title = {{SQLProb: A Proxy-based Architecture towards Preventing SQL Injection Attacks}},
year = {2009}
}
@article{Wassermann2008,
address = {New York, New York, USA},
author = {Wassermann, Gary and Su, Zhendong},
doi = {10.1145/1368088.1368112},
file = {:Users/adam/Documents/Uni/Year 3/Dissertation/Unchecked Journals/Static Detection of Cross Site Scripting Vulnerabilities.pdf:pdf},
isbn = {9781605580791},
journal = {Proceedings of the 13th international conference on Software engineering - ICSE '08},
keywords = {cross-site scripting,input val-,static analysis,web applications},
pages = {171},
publisher = {ACM Press},
title = {{Static detection of cross-site scripting vulnerabilities}},
url = {http://portal.acm.org/citation.cfm?doid=1368088.1368112},
year = {2008}
}
@unpublished{Wassermann2007,
address = {San Diego},
author = {Wassermann, Gary and Su, Zhendong},
booktitle = {In Proceedings of the ACM SIGPLAN 2007 Conference on Programming Language Design and Implementation, San Diego, CA, June 2007. ACM Press New York, NY, USA.},
file = {:Users/adam/Documents/Uni/Year 3/Dissertation/Useful Journals/Sound and Precise Analysis of Web Applications for Injection Vulunerabilities.pdf:pdf},
institution = {University of California, Davis},
title = {{Sound and Precise Analysis of Web Applications for Injection Vulnerabilities}},
year = {2007}
}
